%YAML 1.1
%TAG !u! tag:unity3d.com,2011:
--- !u!1 &105642
GameObject:
  m_ObjectHideFlags: 0
  m_PrefabParentObject: {fileID: 0}
  m_PrefabInternal: {fileID: 100100000}
  serializedVersion: 4
  m_Component:
  - 4: {fileID: 461480}
  - 95: {fileID: 9595532}
  - 54: {fileID: 5498894}
  - 114: {fileID: 11440030}
  - 114: {fileID: 11485290}
  - 114: {fileID: 11420206}
  - 143: {fileID: 14343966}
  - 136: {fileID: 13643626}
  m_Layer: 9
  m_Name: Player
  m_TagString: Player
  m_Icon: {fileID: 0}
  m_NavMeshLayer: 0
  m_StaticEditorFlags: 0
  m_IsActive: 0
--- !u!4 &461480
Transform:
  m_ObjectHideFlags: 1
  m_PrefabParentObject: {fileID: 0}
  m_PrefabInternal: {fileID: 100100000}
  m_GameObject: {fileID: 105642}
  m_LocalRotation: {x: 0, y: 0, z: 0, w: 1}
  m_LocalPosition: {x: 1.076, y: 0, z: 7.062}
  m_LocalScale: {x: 1, y: 1, z: 1}
  m_Children: []
  m_Father: {fileID: 0}
  m_RootOrder: 0
--- !u!54 &5498894
Rigidbody:
  m_ObjectHideFlags: 1
  m_PrefabParentObject: {fileID: 0}
  m_PrefabInternal: {fileID: 100100000}
  m_GameObject: {fileID: 105642}
  serializedVersion: 2
  m_Mass: 100
  m_Drag: 0
  m_AngularDrag: 0.05
  m_UseGravity: 0
  m_IsKinematic: 1
  m_Interpolate: 1
  m_Constraints: 80
  m_CollisionDetection: 2
--- !u!95 &9595532
Animator:
  serializedVersion: 3
  m_ObjectHideFlags: 1
  m_PrefabParentObject: {fileID: 0}
  m_PrefabInternal: {fileID: 100100000}
  m_GameObject: {fileID: 105642}
  m_Enabled: 0
  m_Avatar: {fileID: 9000000, guid: 320b1c2af77554f99a1658df4a6d3d5c, type: 3}
  m_Controller: {fileID: 9100000, guid: 5e122054eabe3664f9461424ed47522e, type: 2}
  m_CullingMode: 0
  m_UpdateMode: 1
  m_ApplyRootMotion: 0
  m_LinearVelocityBlending: 0
  m_WarningMessage: '

    Transform ''Left_Toe_Joint_01'' has been deleted

    Transform ''Left_Ankle_Joint_01'' has been deleted

    Transform ''Left_Knee_Joint_01'' has been deleted

    Transform ''Left_Thigh_Joint_01'' has been deleted

    Transform ''Right_Toe_Joint_01'' has been deleted

    Transform ''Right_Ankle_Joint_01'' has been deleted

    Transform ''Right_Knee_Joint_01'' has been deleted

    Transform ''Right_Thigh_Joint_01'' has been deleted

    Transform ''Hip'' has been deleted

    Transform ''Left_Index_Finger_Joint_01c'' has been deleted

    Transform ''Left_Index_Finger_Joint_01b'' has been deleted

    Transform ''Left_Index_Finger_Joint_01a'' has been deleted

    Transform ''Left_Middle_Finger_Joint_01c'' has been deleted

    Transform ''Left_Middle_Finger_Joint_01b'' has been deleted

    Transform ''Left_Middle_Finger_Joint_01a'' has been deleted

    Transform ''Left_Pinky_Finger_Joint_01c'' has been deleted

    Transform ''Left_Pinky_Finger_Joint_01b'' has been deleted

    Transform ''Left_Pinky_Finger_Joint_01a'' has been deleted

    Transform ''Left_Ring_Finger_Joint_01c'' has been deleted

    Transform ''Left_Ring_Finger_Joint_01b'' has been deleted

    Transform ''Left_Ring_Finger_Joint_01a'' has been deleted

    Transform ''Left_Thumb_Joint_01b'' has been deleted

    Transform ''Left_Thumb_Joint_01a'' has been deleted

    Transform ''Left_Wrist_Joint_01'' has been deleted

    Transform ''Left_Forearm_Joint_01'' has been deleted

    Transform ''Left_Upper_Arm_Joint_01'' has been deleted

    Transform ''Left_Shoulder_Joint_01'' has been deleted

    Transform ''Head'' has been deleted

    Transform ''Neck'' has been deleted

    Transform ''Right_Index_Finger_Joint_01c'' has been deleted

    Transform ''Right_Index_Finger_Joint_01b'' has been deleted

    Transform ''Right_Index_Finger_Joint_01a'' has been deleted

    Transform ''Right_Middle_Finger_Joint_01c'' has been deleted

    Transform ''Right_Middle_Finger_Joint_01b'' has been deleted

    Transform ''Right_Middle_Finger_Joint_01a'' has been deleted

    Transform ''Right_Pinky_Finger_Joint_01c'' has been deleted

    Transform ''Right_Pinky_Finger_Joint_01b'' has been deleted

    Transform ''Right_Pinky_Finger_Joint_01a'' has been deleted

    Transform ''Right_Ring_Finger_Joint_01c'' has been deleted

    Transform ''Right_Ring_Finger_Joint_01b'' has been deleted

    Transform ''Right_Ring_Finger_Joint_01a'' has been deleted

    Transform ''Right_Thumb_Joint_01b'' has been deleted

    Transform ''Right_Thumb_Joint_01a'' has been deleted

    Transform ''Right_Wrist_Joint_01'' has been deleted

    Transform ''Right_Forearm_Joint_01'' has been deleted

    Transform ''Right_Upper_Arm_Joint_01'' has been deleted

    Transform ''Right_Shoulder_Joint_01'' has been deleted

    Transform ''Ribs'' has been deleted

    Transform ''Root'' has been deleted'
  m_HasTransformHierarchy: 1
  m_AllowConstantClipSamplingOptimization: 1
--- !u!114 &11420206
MonoBehaviour:
  m_ObjectHideFlags: 1
  m_PrefabParentObject: {fileID: 0}
  m_PrefabInternal: {fileID: 100100000}
  m_GameObject: {fileID: 105642}
  m_Enabled: 1
  m_EditorHideFlags: 0
  m_Script: {fileID: 11500000, guid: 26bd8b00e7a5d81419a9139d9e1840a0, type: 3}
  m_Name: 
  m_EditorClassIdentifier: 
  characterProperties:
    animationProperties:
      hasAnimations: 1
      animator: {fileID: 9595532}
      leftHandIKTarget: {x: 0, y: 0, z: 0}
      leftHandWeight: 0
      rightHandIKTarget: {x: 0, y: 0, z: 0}
      rightHandWeight: 0
      leftFootIKTarget: {x: 0, y: 0, z: 0}
      leftFootWeight: 0
      rightFootIKTarget: {x: 0, y: 0, z: 0}
      rightFootWeight: 0
      headLookTarget: {x: 0, y: 0, z: 0}
      headLookWeight: 0
    movementProperties:
      movementSpeed: 0.5
      maxMovementSpeed: 0.5
      movementSpeedIncreaseRate: 0.1
      maxTurnSpeed: 2
      turnSpeedIncreaseRate: 0.2
      turnSpeed: 0.2
      canMove: 1
    healthProperties:
      maxHealth: 100
      currentHealth: 100
      isImmortal: 0
      isDead: 0
    sfxPropertiesOnSpawn:
      sfxs: []
      hasSFX: 0
    sfxPropertiesOnDespawn:
      sfxs: []
      hasSFX: 0
    entityBody: {fileID: 105642}
    playerId: 0
    controller: {fileID: 14343966}
    canJump: 1
    jumpGravityMultiplier: 1
    fallGravityMultiplier: 0.5
    jumpStrength: 1
    jumpTime: 11
    runSpeedSettings:
      maxMovementSpeed: 1
      movementSpeedIncreaseRate: 1
    sprintSpeedSettings:
      maxMovementSpeed: 1.5
      movementSpeedIncreaseRate: 1.5
    staminaSettings:
      maxStamina: 100
      currentStamina: 100
      hasUnlimitedStamina: 0
      staminaDrainPerTick: 1
      staminaRegenPerTick: 1
    isWalking: 0
    isRunning: 0
    isSprinting: 0
    isIdle: 1
    isJumping: 0
    isInControl: 1
    distanceFromGround: 0
    isGrounded: 0
    groundFudge: 0.2
    playMovementSounds: 0
    movementSoundInterval: 0.3
    movementSounds:
      sfxs: []
      hasSFX: 0
    verticalMovement: 0
    horizontalMovement: 0
  verticalMovementSpeed: 0
  horizontalMovementSpeed: 0
  moveDirection: {x: 0, y: 0, z: 0}
  platformTag: Moving Platform
  platformRigidBody: {fileID: 0}
  hasGravity: 1
  camera: {fileID: 0}
  aimingTarget: {fileID: 0}
  initalized: 0
--- !u!114 &11440030
MonoBehaviour:
  m_ObjectHideFlags: 1
  m_PrefabParentObject: {fileID: 0}
  m_PrefabInternal: {fileID: 100100000}
  m_GameObject: {fileID: 105642}
  m_Enabled: 1
  m_EditorHideFlags: 0
  m_Script: {fileID: 11500000, guid: 8cda58614dbaf2f4398eddec47b4bca1, type: 3}
  m_Name: 
  m_EditorClassIdentifier: 
  properties:
    lineRange: 10
    shotForce: {x: 0, y: 5, z: 10}
    grappleHeadPrefab: {fileID: 131668, guid: aaaa2e7d2ab41534da6945e2a7cadef5, type: 2}
  hookExtended: 0
  hookPrefabInstance: {fileID: 0}
--- !u!114 &11485290
MonoBehaviour:
  m_ObjectHideFlags: 1
  m_PrefabParentObject: {fileID: 0}
  m_PrefabInternal: {fileID: 100100000}
  m_GameObject: {fileID: 105642}
  m_Enabled: 1
  m_EditorHideFlags: 0
  m_Script: {fileID: 11500000, guid: fb7efa4b9949bb54eb8c27a9b93c4b14, type: 3}
  m_Name: 
  m_EditorClassIdentifier: 
  playerController: {fileID: 11420206}
  projectileSpawnPoint: {fileID: 0}
  grapplingHook: {fileID: 0}
  isCarryingObject: 0
  isPushingObject: 0
  isPullingObject: 0
  interactingObject: {fileID: 0}
  moveObjectHint: {fileID: 0}
  interactObjectHint: {fileID: 0}
  hidingPlaceHint: {fileID: 0}
  interactionDelay: 0.2
  interactionDelayTimer: 0
  lastTouchedMovable: 0
  isHiding: 0
  hidingPlaceEntrance: {fileID: 0}
  canMove: 1
  isAiming: 0
  isFiring: 0
  isUsingGrapple: 0
  isInteracting: 0
  isUsingLadder: 0
  isEdging: 0
  isUsingRope: 0
  isUsingObject: 0
  hasDoubleJumped: 0
--- !u!136 &13643626
CapsuleCollider:
  m_ObjectHideFlags: 1
  m_PrefabParentObject: {fileID: 0}
  m_PrefabInternal: {fileID: 100100000}
  m_GameObject: {fileID: 105642}
  m_Material: {fileID: 0}
  m_IsTrigger: 1
  m_Enabled: 1
  m_Radius: 0.4
  m_Height: 0.7
  m_Direction: 1
  m_Center: {x: 0, y: 0.3, z: 0}
--- !u!143 &14343966
CharacterController:
  m_ObjectHideFlags: 1
  m_PrefabParentObject: {fileID: 0}
  m_PrefabInternal: {fileID: 100100000}
  m_GameObject: {fileID: 105642}
  m_Material: {fileID: 0}
  m_IsTrigger: 0
  m_Enabled: 1
  serializedVersion: 2
  m_Height: 0.6
  m_Radius: 0.1
  m_SlopeLimit: 90
  m_StepOffset: 0.1
  m_SkinWidth: 0.01
  m_MinMoveDistance: 0.001
  m_Center: {x: 0, y: 0.3, z: 0}
--- !u!1001 &100100000
Prefab:
  m_ObjectHideFlags: 1
  serializedVersion: 2
  m_Modification:
    m_TransformParent: {fileID: 0}
    m_Modifications: []
    m_RemovedComponents: []
  m_ParentPrefab: {fileID: 0}
  m_RootGameObject: {fileID: 105642}
  m_IsPrefabParent: 1
